@article{RA1Paper2012,
     author = "Chatrchyan, S. and others",
     collaboration = "CMS",
     title = "Search for supersymmetry in hadronic final states with
                  missing transverse energy using the variables
                  \alphat and b-quark multiplicity in pp collisions at
                  $\sqrt{s} = 8\TeV$",
year={2013},
journal={EPJC},
volume={01},
pages={077},
doi={10.1007/JHEP01(2013)077},
}

@article{RA1Paper2011FULL,
     author = "Chatrchyan, S. and others",
     collaboration = "CMS",
     title     = "Search for supersymmetery in final states with
                  missing transverse energy and 0, 1, 2, or $\ge$3
                  b-quark jets in 7 TeV pp collisions using the
                  \alphat variable",
year={2013},
journal={JHEP},
volume={01},
pages={077},
doi={10.1007/JHEP01(2013)077},
}

@article{RA1Paper2011,
  collaboration = {CMS},
  author = {Chatrchyan, S. and others},
  volume = {107},
  journal = {Phys. Rev. Lett.},
  title = {Search for Supersymmetry at the LHC in Events with Jets and Missing Transverse Energy},
  year = {2011},
  doi = {10.1103/PhysRevLett.107.221804},
  pages = {221804},
}

@Article{RA1Paper,
     author    = "Khachatryan, V. and others",
 collaboration = "CMS",
     title     = "{Search for Supersymmetry in pp Collisions at 7 TeV in Events with Jets and Missing Transverse Energy}",
     journal   = "Phys. Lett. B",
     volume    = "698",
     year      = "2011",
     pages     = "196",
     doi       = "10.1016/j.physletb.2011.03.021",
     SLACcitation  = "%%CITATION = 1101.1628;%%",
}

@Techreport{RA1PAS2012HCP,
COLLABORATION = "CMS",
AUTHOR = "{CMS Collaboration}",
TITLE        = "Search for supersymmetry in final states with missing transverse energy and 0, 1, 2, 3, or $\ge$4 b-quark jets in 8 TeV pp collisions using the variable $\alpha_{\text{T}}$",
TYPE         = "CMS Physics Analysis Summary",
NUMBER       = "SUS-12-016",
YEAR         = "2012",
}

@Techreport{RA1PAS2012,
COLLABORATION = "CMS",
AUTHOR = "{CMS Collaboration}",
TITLE        = "Search for supersymmetry in final states with missing transverse energy and 0, 1, 2, or $\ge$3 b-quark jets in 8 TeV pp collisions using the variable $\alpha_{\text{T}}$",
TYPE         = "CMS Physics Analysis Summary",
NUMBER       = "SUS-12-016",
YEAR         = "2012",
}

@Techreport{RA1PAS2011,
COLLABORATION = "CMS",
AUTHOR = "{CMS Collaboration}",
TITLE        = "Search for supersymmetery in final states with missing transverse energy and 0, 1, 2, or $\ge$3 b jets in 7 TeV pp collisions",
TYPE         = "CMS Physics Analysis Summary",
NUMBER       = "SUS-11-022",
YEAR         = "2012",
}

@misc{RA1Paper2012ANHCP,
 note = "Search for supersymmetry in final states with missing transverse energy and 0, 1, 2, 3, or $\ge$4 b-quark jets in 8 TeV pp collisions using the variable $\alpha_{\rm T}$, CMS AN-2012/356"
}

@misc{RA1Paper2012ANICHEP,
 note = "Search for supersymmetry with the $\alpha_{\rm T}$ variable in the 7~TeV dataset of 2011, CMS AN-2011/517"
}

@misc{RA1PaperAN2011,
 note = "Search for supersymmetry with the $\alpha_{\rm T}$ variable in the 7~TeV dataset of 2011, CMS AN-2011/517"
}

@misc{RA1Paper2011AN,
 note = "Search for Supersymmetry with the \alphat variable, CMS AN-2011/244"
}

@misc{RA1PaperAN,
 note = "Search for a missing energy signature from New Physics in dijet and multi-jet events , CMS AN-2010/242"
}

@misc{ref:hamburg,
 note="Search for Supersymmetry in Final States with Single Leptons, B-jets and Missing Transverse Energy in Proton-Proton Collisions at sqrt(s) = 7 TeV, CMS AN-2011/173 v12, Sec 6.2"
}

@article{Cowan:2010js,
      author         = "Cowan, G. and others",
      title          = "{Asymptotic formulae for likelihood-based tests of new
                        physics}",
      journal        = "Eur. Phys. J. C",
      volume         = "71",
      pages          = "1554",
      doi            = "10.1140/epjc/s10052-011-1554-0",
      year           = "2011",
}

@article{Junk,
title = "Confidence level computation for combining searches with small statistics",
journal = "Nucl. Instr. and Meth. A",
volume = "434",
pages = "435",
year = "1999",
doi = "10.1016/S0168-9002(99)00498-2",
url = "http://www.sciencedirect.com/science/article/pii/S0168900299004982",
author = "Junk, T",
}

@article{read,
  author={Read, A. L.},
  title={Presentation of search results: the CL s technique},
  journal={J. Phys. G},
  volume={28},
  pages={2693},
  doi={10.1088/0954-3899/28/10/313},
  url={http://stacks.iop.org/0954-3899/28/i=10/a=313},
  year={2002},
}

@techreport{CMS-PAS-BTV-11-003,
      COLLABORATION = "CMS",
      INSTITUTION = "{CERN}",
      AUTHOR = "{CMS Collaboration}",
      TYPE      = "CMS Physics Analysis Summary",
      NUMBER       = "CMS-PAS-BTV-11-003",
      URL         = "http://cdsweb.cern.ch/record/1421611",
      title        = "Measurement of btagging efficiency using ttbar events",
      year         = "2012",
}

@techreport{CMS-PAS-BTV-11-004,
      COLLABORATION = "CMS",
      INSTITUTION = "{CERN}",
      AUTHOR = "{CMS Collaboration}",
      TYPE      = "CMS Physics Analysis Summary",
      NUMBER       = "CMS-PAS-BTV-11-004",
      URL         = "http://cdsweb.cern.ch/record/1427247",
      title        = "b-Jet Identification in the CMS Experiment",
      year         = "2012",
}

@misc{twiki-xs,
  author = "{CMS Collaboration}",
  title = "{Standard Model cross sections at 8 TeV}",
  howpublished = "\url{https://twiki.cern.ch/twiki/bin/viewauth/CMS/StandardModelCrossSectionsat8TeV}"
}

@misc{prep,
  author = "{CMS Collaboration}",
  title = "{LO cross sections from the PREP tool}",
  howpublished = "\url{http://cms.cern.ch/iCMS/prep/requestmanagement}"
}

@Unpublished{susy-nlo-nll,
     author    = {Kr\"amer, M and others},
     title     = {Supersymmetry production cross sections in pp collisions at $\sqrt{s} = 7$~TeV}, 
     eprint    = "1206.2892",
     year = "2012",
     archivePrefix = "arXiv",
     note = "CERN-PH-TH/2012-163",
}

@Article{Beenakker1996ch,
     author    = "Beenakker, W. and others",
     title     = "Squark and gluino production at hadron colliders",
     journal   = "Nucl. Phys. B",
     volume    = "492",
     year      = "1997",
     pages     = "51",
     doi       = "10.1016/S0550-3213(97)00084-9"
}

@misc{ref:btag-id,
  author = "{CMS Collaboration}",
  title = "{CMS b-tagging performance database}",
  howpublished = "\url{https://twiki.cern.ch/twiki/bin/viewauth/CMS/BTagPerformanceOP}"
}

@misc{ref:photon-vgamma-id,
  author = "{CMS Collaboration}",
  title = "{Vgamma 2011 Photon ID}",
  howpublished = "\url{https://twiki.cern.ch/twiki/bin/view/CMS/Vgamma2011PhotonID}"
}

@misc{ref:photon-id-ra3,
  author = "{CMS Collaboration}",
  title = "{Search for Gauge Mediated Supersymmetry Breaking Using Two Photons and Missing Transverse Energy}", 
 note = "CMS AN-2012/212",
  howpublished = "\url{http://cms.cern.ch/iCMS/jsp/db_notes/showNoteDetails.jsp?noteID=CMS AN-2012/212}"
}


@misc{ref:electron-id,
  author = "{CMS Collaboration}",
  title = "{Egamma cut-based electron ID}",
  howpublished = "\url{https://twiki.cern.ch/twiki/bin/view/CMS/EgammaCutBasedIdentification}"
}

@misc{ref:electron-isolation,
  author = "{CMS Collaboration}",
  title = "{Egamma Particle Flow Based Isolation}",
  howpublished = "\url{https://twiki.cern.ch/twiki/bin/view/CMS/EgammaPFBasedIsolation}"
}

@misc{ref:muon-id,
  author = "{CMS Collaboration}",
  title = "{Baseline Muon ID}",
  howpublished = "\url{https://twiki.cern.ch/twiki/bin/view/CMSPublic/SWGuideMuonId}"
}

@misc{ref:photon-id-egamma,
  author = "{CMS Collaboration}",
  title = "{Egamma cut-based photon ID}",
  howpublished = "\url{https://twiki.cern.ch/twiki/bin/view/CMS/CutBasedPhotonID2012}"
}

@misc{ref:jet-id,
  author = "{CMS Collaboration}",
  title = "{Jet ID}",
  howpublished = "\url{https://twiki.cern.ch/twiki/bin/viewauth/CMS/JetID}"
}

@misc{ref:jet-jes,
  author = "{CMS Collaboration}",
  title = "{Jet Energy Scale}",
  howpublished = "\url{https://twiki.cern.ch/twiki/bin/view/CMS/JetEnergyScale}"
}

@misc{ref:MET-filters,
  author = "{CMS Collaboration}",
  title = "{MET Optional Filters}",
  howpublished = "\url{https://twiki.cern.ch/twiki/bin/view/CMS/MissingETOptionalFilters}"
}

@misc{ref:MET-corrections,
  author = "{CMS Collaboration}",
  title = "{MET Corrections}",
  howpublished = "\url{https://twiki.cern.ch/twiki/bin/view/CMS/MissingET}"
}

@Article{sms,
     author = "Alves, D. and Arkani-Hamed, N. and Arora, S. and others",
     title     = "Simplified Models for LHC New Physics Searches",
     year      = "2011",
     eprint    = "1105.2838",
     archivePrefix = "arXiv",
     note="Official summary of results from the 'Topologies for Early LHC Searches' workshop, SLAC, September 2010",
     SLACcitation  = "%%CITATION = 1105.2838;%%"
}
@Article{Alwall:2008ag,
    author    = "Alwall, Johan and Schuster, Philip and Toro, Natalia",
    title     = "{Simplified Models for a First Characterization of New
                 Physics at the LHC}",
    journal   = "Phys. Rev.",
    volume    = "D79",
    year      = "2009",
    pages     = "075020",
    eprint    = "0810.3921",
    archivePrefix = "arXiv",
    primaryClass  =  "hep-ph",
    doi       = "10.1103/PhysRevD.79.075020",
    SLACcitation  = "%%CITATION = 0810.3921;%%"
}
@article{Alwall:2008va,
      author         = "Alwall, Johan and Le, My-Phuong and Lisanti, Mariangela
                        and Wacker, Jay G.",
      title          = "{Model-Independent Jets plus Missing Energy Searches}",
      journal        = "Phys.Rev.",
      volume         = "D79",
      pages          = "015005",
      doi            = "10.1103/PhysRevD.79.015005",
      year           = "2009",
      eprint         = "0809.3264",
      archivePrefix  = "arXiv",
      primaryClass   = "hep-ph",
}

@Article{Pumplin:2002vw,
     author    = "Pumplin, J. and others",
     title     = "{New generation of parton distributions with uncertainties
                  from global QCD analysis}",
     journal   = "JHEP",
     volume    = "07",
     year      = "2002",
     pages     = "012",
     eprint    = "hep-ph/0201195",
     archivePrefix = "arXiv",
     SLACcitation  = "%%CITATION = HEP-PH/0201195;%%"
}

@ARTICLE{ref:CMS,
     author = {Chatrchyan, S. and others},
     collaboration = "CMS",
     TITLE        = "The {CMS} experiment at the {CERN LHC}",
     JOURNAL      = "JINST",
     VOLUME       = "03",
     YEAR         = "2008",
     pages        = "S08004",
    doi          = "10.1088/1748-0221/3/08/S08004"}
@Article{ref:SUSY-1,
     author    = "Gol'fand, Yu. A. and Likhtman, E. P.",
     title     = "Extension of the Algebra of {Poincar\'e} Group Generators and
                  Violation of p Invariance",
     journal   = "JETP Lett.",
     volume    = "13",
     year      = "1971",
     pages     = "323",
     url       = "http://www.jetpletters.ac.ru/ps/1584/article_24309.shtml"
     }
@ARTICLE{ref:SUSY0,
     AUTHOR       = "J. Wess and B. Zumino",
     TITLE        = "Supergauge transformations in four dimensions",
     JOURNAL      = "Nucl. Phys. B",
     VOLUME       = "70",
     YEAR         = "1974",
     pages        = "39",
     doi=	"10.1016/0550-3213(74)90355-1"}
@ARTICLE{ref:SUSY1,
     AUTHOR       = "H. P. Nilles",
     TITLE        = "Supersymmetry, Supergravity and Particle Physics",
     JOURNAL      = "Phys. Reports",
     VOLUME       = "110",
     YEAR         = "1984",
     pages        = "1",
     doi=	"10.1016/0370-1573(84)90008-5"}
@ARTICLE{ref:SUSY2,
     AUTHOR       = "Haber, H.E.  and Kane, G.L.",
     TITLE        = "The Search for Supersymmetry: Probing Physics Beyond the Standard Model",
     JOURNAL      = "Phys. Reports",
     VOLUME       = "117",
     YEAR         = "1987",
     pages        = "75",
     doi				= "10.1016/0370-1573(85)90051-1"}
@Article{ref:SUSY3,
     author    = "Barbieri, Riccardo and Ferrara, S. and Savoy, Carlos A.",
     title     = "Gauge Models with Spontaneously Broken Local Supersymmetry",
     journal   = "Phys. Lett. B",
     volume    = "119",
     year      = "1982",
     pages     = "343",
     doi       = "10.1016/0370-2693(82)90685-2"
}
@Article{ref:SUSY4,
     author    = "Dawson, Sally and Eichten, E. and Quigg, C.",
     title     = "Search for Supersymmetric Particles in Hadron - Hadron Collisions",
     journal   = "Phys. Rev. D",
     volume    = "31",
     year      = "1985",
     pages     = "1581",
     doi       = "10.1103/PhysRevD.31.1581"
}
@ARTICLE{ref:hierarchy1,
     AUTHOR       = "Witten, E.",
     TITLE        = "Dynamical Breaking of Supersymmetry",
     JOURNAL      = "Nucl. Phys. B",
     VOLUME       = "188",
     YEAR         = "1981",
     pages        = "513",
     doi				= "10.1016/0550-3213(81)90006-7"
 }
@ARTICLE{ref:hierarchy2,
     AUTHOR       = "S. Dimopoulos and H. Georgi",
     TITLE        = "Softly Broken Supersymmetry and {SU(5)}",
     JOURNAL      = "Nucl. Phys. B",
     VOLUME       = "193",
     YEAR         = "1981",
     pages        = "150",
     doi				= "10.1016/0550-3213(81)90522-8"
}
@ARTICLE{ref:SUSY-LSP-DM,
     AUTHOR       = "Jungman, G. and Kamionkowski, M.",
     TITLE        = "Supersymmetric dark Matter",
     JOURNAL      = "Phys. Report",
     VOLUME       = "267",
     YEAR         = "1996",
     pages        = "195",
     doi       = "10.1016/0370-1573(95)00058-5"
}

@Article{ref:MSUGRA,
  title = {Locally Supersymmetric Grand Unification},
  author = {Chamseddine, A. H. and Arnowitt, R. and Nath, P},
  journal = {Phys. Rev. Lett.},
  volume = {49},
  pages = {970},
  numpages = {4},
  year = {1982},
  doi = {10.1103/PhysRevLett.49.970},
  publisher = {American Physical Society}
}

@Article{PhysRevLett.69.725,
  title = {Supersymmetric mass spectrum in SU(5) supergravity grand unification},
  author = {Arnowitt, R. and Nath, P},
  journal = {Phys. Rev. Lett.},
  volume = {69},
  pages = {725},
  numpages = {3},
  year = {1992},
  doi = {10.1103/PhysRevLett.69.725},
  publisher = {American Physical Society}
}

@Article{ref:CMSSM,
     author    = "Kane, Gordon L. and others",
     title     = "Study of constrained minimal supersymmetry",
     journal   = "Phys. Rev. D",
     volume    = "49",
     year      = "1994",
     pages     = "6173",
     doi       = "10.1103/PhysRevD.49.6173"
}

@Article{Farrar:1978xj,
     author    = "Farrar, Glennys R. and Fayet, Pierre",
     title     = "Phenomenology of the Production, Decay, and Detection of
                  New Hadronic States Associated with Supersymmetry",
     journal   = "Phys. Lett. B",
     volume    = "76",
     year      = "1978",
     pages     = "575",
     doi       = "10.1016/0370-2693(78)90858-4"
}
@article{CDFLimits,
      author         = "Aaltonen, T. and others",
      title          = "Inclusive Search for Squark and Gluino Production in $p{\bar p}$ Collisions at $\sqrt{s} = 1.96$ {TeV}",
      collaboration  = "CDF",
      journal        = "Phys. Rev. Lett.",
      volume         = "102",
      pages          = "121801",
      doi            = "10.1103/PhysRevLett.102.121801",
      year           = "2009",
}
@Article{CDFtrileptons,
 title = {Search for Supersymmetry in $p\bar{p}$ Collisions at $\sqrt{s}=1.96$ {TeV} using the Trilepton Signature for Chargino-Neutralino Production},
  collaboration = {CDF},
  author = "Aaltonen, T. and others",
  journal = {Phys. Rev. Lett.},
  volume = {101},
  pages = {251801},
  year = {2008},
  doi = {10.1103/PhysRevLett.101.251801}
}
@Article{D0Limits,
	author="Abazov, V. M. and others",
	collaboration="D0",
	title = "Search for squarks and gluinos in events with jets
                  and missing transverse energy using
                  2.1~$\mathrm{fb}^{-1}$ of p$\mathrm{\bar{p}}$
                  collision data at $\sqrt{s} = 1.96~\TeV$",
	journal="Phys. Lett. B",
	volume="660",
	pages="449",
	year="2008",
	doi="10.1016/j.physletb.2008.01.042"
}
@article{Abazov200934,
    author = "Abazov, V. M. and others",
	title = "Search for associated production of charginos and neutralinos in the trilepton final state using 2.3~fb$^{-1}$ of data",
	collaboration= "D0",
	journal = "Phys. Lett. B",
	volume = "680",
	pages = "34",
	year = "2009",
	doi = "10.1016/j.physletb.2009.08.011"
}
@Article{UA1Limits,
     author    = "Albajar, C. and others",
     collaboration = "UA1",
     title     = "Events with Large Missing Transverse Energy at the {CERN}
                  Collider. 3. {M}ass Limits on Supersymmetric Particles",
     journal   = "Phys. Lett. B",
     volume    = "198",
     year      = "1987",
     pages     = "261",
     doi       = "10.1016/0370-2693(87)91509-7"
}
@Article{UA2Limits,
     author    = "Ansari, R. and others",
     collaboration = "UA2",
     title     = "Search for Exotic Processes at the {CERN} p$\bar{\rm p}$ Collider",
     journal   = "Phys. Lett. B",
     volume    = "195",
     year      = "1987",
     pages     = "613",
     doi       = "10.1016/0370-2693(87)91583-8"
}
@Article{HERALimits1,
     author    = "Chekanov, S. and others",
     collaboration = "ZEUS",
     title     = "Search for stop production in {R}-parity-violating supersymmetry at {HERA}",
     journal   = "Eur. Phys. J. C",
     volume    = "50",
     year      = "2007",
     pages     = "269",
     doi       = "10.1140/epjc/s10052-007-0240-8"
}
@Article{HERALimits2,
     author    = "Aid, S. and others",
     collaboration = "H1",
     title     = "A search for selectrons and squarks at {HERA}",
     journal   = "Phys. Lett. B",
     volume    = "380",
     year      = "1996",
     pages     = "461",
     doi       = "10.1016/0370-2693(96)00640-5"
}
@UNPUBLISHED{LEPLimits,
	author="LEPSUSYWG",
	collaboration= "ALEPH, DELPHI, L3 and OPAL",
        title="Joint {SUSY} Working Group",
	note="{LEPSUSYWG/02-06-2}",
        year="2002",
	url="http://lepsusy.web.cern.ch/lepsusy"
}	

@misc{patlayer1twiki,
 note = "\mbox{https://twiki.cern.ch/twiki/bin/view/CMS/SusyPatLayer1DefV9}"
}

@misc{btagpogtwiki,
 note = "\mbox{https://twiki.cern.ch/twiki/bin/viewauth/CMS/BtagPOG}"
}

@misc{globaltagstwiki,
 note = "\mbox{https://twiki.cern.ch/twiki/bin/view/CMS/SWGuideFrontierConditions}"
}

@misc{jetenergytwiki,
 note = "\mbox{https://twiki.cern.ch/twiki/bin/view/CMS/WorkBook210JetAnalysis\#Jec900GeV}"
}

@misc{meticheptwiki,
 note = "\mbox{https://twiki.cern.ch/twiki/bin/viewauth/CMS/METichepPAS2}"
}

@misc{DijetAN,
 note = "Jet Commissioning using Di-Jet Events from 900 GeV and 2360 GeV Collision Data, CMS AN-2010/009"
}

@misc{PFJetID,
 note = "\mbox{Particle Flow Jet Identification Criteria, CMS AN-2010/003}"
}

@misc{CaloJetID,
 note = "\mbox{Calorimeter Jet Quality Criteria for the First CMS Collision Data,} \mbox{and preparations for calibrating their efficiencies, CMS AN-2009/087}"
}

@article{Cacciari2008119,
title = "Pileup subtraction using jet areas",
journal = "Physics Letters B",
volume = "659",
pages = "119 - 126",
year = "2008",
issn = "0370-2693",
doi = "10.1016/j.physletb.2007.09.077",
url = "http://www.sciencedirect.com/science/article/pii/S0370269307011094",
author = "Matteo Cacciari and Gavin P. Salam"
}

@article{1126-6708-2008-04-005,
  author={Matteo Cacciari and Gavin P. Salam and Gregory Soyez},
  title={The catchment area of jets},
  journal={Journal of High Energy Physics},
  volume={2008},
  number={04},
  pages={005},
  url={http://stacks.iop.org/1126-6708/2008/i=04/a=005},
  year={2008},
}

@ARTICLE{antikt,
 AUTHOR={Cacciari, M. and Salam, G.~P.  and Soyez, G.},
 TITLE={The anti-$k_{\rm T}$ jet clustering algorithm},
  journal={JHEP},
 volume={04},
 pages={063},
 year={2008},
 doi="10.1088/1126-6708/2008/04/063"
}

@ARTICLE{Randall:2008rw,
 AUTHOR=       "Randall, L. and Tucker-Smith, D.",
 TITLE=        "Dijet Searches for Supersymmetry at the Large Hadron Collider",
 JOURNAL=      "Phys. Rev. Lett.",
 VOLUME=       "101",
 YEAR=         "2008",
 pages = "221803",
 doi = {10.1103/PhysRevLett.101.221803},
  publisher = {American Physical Society}
}

@Article{Melnikov:2006kv,
     author    = "Melnikov, Kirill and Petriello, Frank",
     title     = "{Electroweak gauge boson production at hadron colliders
                  through O(alpha(s)**2)}",
     journal   = "Phys. Rev.",
     volume    = "D74",
     year      = "2006",
     pages     = "114017",
     eprint    = "hep-ph/0609070",
     archivePrefix = "arXiv",
     doi       = "10.1103/PhysRevD.74.114017",
     SLACcitation  = "%%CITATION = HEP-PH/0609070;%%"
}

@misc{pas-ewk-10-004,
 note="CMS Physics Analysis Summary, CMS PAS EWK-10-004"
}


@misc{cms-pas-jme-10-010,
 note="CMS Physics Analysis Summary, CMS PAS JME-10-010"
}

@misc{cms-pas-TOP-10-001,
 note="CMS Physics Analysis Summary, CMS PAS TOP-10-001"
}

@misc{top-xs,
 note="CMS Physics Analysis Summary, CMS PAS TOP-11-002"
}

@misc{w-xs,
 note="CMS Physics Analysis Summary, CMS PAS EWK-10-002"
}

@Techreport{cms-pas-sus-09001,
COLLABORATION = "CMS",
INSTITUTION = "CMS",
AUTHOR = "{CMS Collaboration}",
TITLE        = "Search strategy for exclusive multi-jet events from supersymmetry at CMS",
TYPE         = "CMS Physics Analysis Summary",
NUMBER       = "SUS-09-001",
URL         = "http://cdsweb.cern.ch/record/1194509",
YEAR         = "2009"
}

@Techreport{cms-pas-sus-08005,
COLLABORATION = "CMS",
INSTITUTION = "CMS",
AUTHOR = "{CMS Collaboration}",
TITLE        = "SUSY searches with dijet events",
TYPE      = "CMS Physics Analysis Summary",
NUMBER       = "SUS-08-005",
URL         = "http://cdsweb.cern.ch/record/1149915",
YEAR         = "2008"
}

@misc{HIG-08-001,
 note="CMS Physics Analysis Summary, CMS PAS HIG-08-001"
}

@misc{cms-an-080114,
 note="CMS Analysis Note, CMS-AN 2008/114"
}

@misc{cms-an-10-242,
 note="CMS Analysis Note, CMS-AN 2010/242"
}

@misc{ZWAN,
 note="CMS Analysis Note, CMS AN-2010/264"
}

@misc{WPOL,
 note="CMS Analysis Note, CMS-AN 2010/309"
}

@misc{cms-pas-sus-08002,
 note="CMS Physics Analysis Summary, CMS PAS SUS-08-002"
}

@misc{cms-pas-jme_10003,
 note="CMS Physics Analysis Summary, CMS PAS JME-10-003"
}

@misc{cms-an-080071,
 note="CMS Analysis Note, CMS-AN 2008/071"
}

@misc{cms-an-090056,
 note="CMS Analysis Note, CMS-AN 2009/056"
}

@misc{cms-an-090040,
 note="CMS Analysis Note, CMS-AN 2009/040"
}

@misc{cms-pas-ewk-07002,
 note="CMS Physics Analysis Summary, CMS PAS EWK-07-002"
}
@misc{summer10,
 note = "See: https://twiki.cern.ch/twiki/bin/viewauth/CMS/ProductionReProcessingSummer10"
 }
@misc{patl1,
 note = "See: https://twiki.cern.ch/twiki/bin/view/CMS/SusyPatLayer1DefV9"
}
@misc{icfcode,
 note = "See: https://svn.cern.ch/reps/icfsusy/trunk/AnalysisV2/"
}
@misc{bib:isolep,
 note="See: https://twiki.cern.ch/twiki/bin/view/CMS/VplusJets"
}
@misc{bib:ecalstatus,
 note="See: https://twiki.cern.ch/twiki/bin/view/CMS/EcalChannelStatus"
}
@Article{madgraph,
     author    = "Alwall, Johan and others",
     title     = "{MadGraph/MadEvent v4: The New Web Generation}",
     journal   = "JHEP",
     volume    = "09",
     year      = "2007",
     pages     = "028",
     eprint    = "0706.2334",
     archivePrefix = "arXiv",
     primaryClass  =  "hep-ph",
     SLACcitation  = "%%CITATION = 0706.2334;%%"
}
@misc{susyanalysis,
 note="See: https://twiki.cern.ch/twiki/bin/view/CMS/SusyPat"
}
@misc{pat,
 note="See: https://twiki.cern.ch/twiki/bin/view/CMS/SWGuidePAT"
}
@misc{patcc,
 note="See: https://twiki.cern.ch/twiki/bin/view/CMS/SusyPatCrossCleaner"
}
@misc{biasedDPhi,
 note="CMS Analysis Note, CMS-AN 2009/040"
}
@misc{dPhiMPT,
 note ="See talk by Mariarosaria d'Alfonso: http://indico.cern.ch/getFile.py/access?contribId=7\&resId=2\&materialId=slides\&confId=54337"
}
@ARTICLE{hcalnoise,
     COLLABORATION = "CMS",
     TITLE        = "HCAL performance from first collisions data",
     JOURNAL      = "CMS Detector Performance Summary",
     VOLUME       = "DPS-2010/025",
     YEAR         = "2010"}
@Article{ProfileLikelihood,
	author="Severini",
     	title="Likelihood methods in statistics",
	journal="Oxford University Press",
	year="2000"
}
@Article{MINOS,
	author = "Frederic James",
	title="{MINUIT Reference Manual}",
	journal="{CERN Program Library Writeup}",
	volume="D506"
}
@Article{ROOSTATS,
	author="Moneta, Belasco, Cranmer and others",
	journal="Proceedings of Science",
	title="The RooStats Project",
	year="2010"
}
@ARTICLE{ecalnoise,
     COLLABORATION = "CMS",
     AUTHOR = "{CMS Collaboration}",
     TITLE        = "Electromagnetic calorimeter commissioning and first results with 7 TeV data",
     JOURNAL      = "CMS Note",
     VOLUME       = "2010/012",
     YEAR         = "2010"}
@ARTICLE{ewk_wz_xsec,
		 COLLABORATION = "CMS",
		 TITLE        = "Measurements of inclusive W and Z cross Sections in pp collisions at 7 TeV",
		 JOURNAL      = "CMS Note",
		 VOLUME       = "2010/116",
		 YEAR         = "2010"}
@ARTICLE{muon_reco,
	   COLLABORATION = "CMS",
		 TITLE        = "Muon reconstruction in the CMS detector",
		 JOURNAL      = "CMS Note",
		 VOLUME       = "2008/097",
		 YEAR         = "2008"}
@ARTICLE{muon_id,
	   COLLABORATION = "CMS",
		 TITLE        = "Muon identification in CMS",
		 JOURNAL      = "CMS Note",
		 VOLUME       = "2008/098",
		 YEAR         = "2008"}
@misc{photon_id,
 note="See: https://twiki.cern.ch/twiki/bin/view/CMS/PhotonID"
}
@Article{PTDRII,
          collaboration = "CMS",
          title  = "{CMS Physics Technical Design Report, Volume II: Physics Performance}",
          journal   = "J. Phys. G: Nucl. Part. Phys.",
          volume    = "34",
          year      = "2007",
          pages     = "995"
}
@misc{SUS-10-001,
 note="CMS Physics Analysis Summary, CMS PAS SUS-10-001"
}
@misc{cousins,
note="See: \nolinkurl{http://cousins.web.cern.ch/cousins/drafts/rhorho_cousins.pdf}"
}
@misc{dixon,
 note = "\mbox{L. Dixon, private communication}"
}

@ARTICLE{JME-09-008,
     COLLABORATION = "CMS",
     TITLE        = "Calorimeter Jet Quality Criteria for the First CMS Collision Data",
     JOURNAL      = "CMS Physics Analysis Summary",
     VOLUME       = "JME-09-008",
      URL         = "http://cdsweb.cern.ch/record/1259924",
     YEAR         = "2009"
}

@Techreport{CMS-NOTE-2010-012,
     AUTHOR = "{CMS Collaboration}",
     INSTITUTION = "CMS",
		 COLLABORATION = "CMS",
		 TITLE        = "Electromagnetic calorimeter
                  commissioning and first results with 7 TeV data",
		 TYPE      = "CMS Note",
		 NUMBER       = "CMS-NOTE-2010-012",
      URL         = "http://cdsweb.cern.ch/record/1278160",
		 YEAR         = "2010"
}		

@Techreport{PAS-EGM-10-004,
     AUTHOR = "{CMS Collaboration}",
     INSTITUTION = "CMS",
		 COLLABORATION = "CMS",
		 TITLE        = "Electron reconstruction and identification at $\sqrt{s}$ = 7 TeV",
		 TYPE      = "CMS Physics Analysis Summary",
		 NUMBER       = "EGM-10-004",
      URL         = "http://cdsweb.cern.ch/record/1299116",
		 YEAR         = "2010"
}		
@Techreport{PAS-EGM-10-005,
		 COLLABORATION = "CMS",
		 TITLE        = "Photon reconstruction and identification at $\sqrt{s}$ = 7 TeV",
		 Type      = "CMS Physics Analysis Summary",
		 Number       = "EGM-10-005",
      URL         = "http://cdsweb.cern.ch/record/1279143",
		 YEAR         = "2010"
}		
@Techreport{PAS-EGM-10-006,
     AUTHOR = "{CMS Collaboration}",
     INSTITUTION = "CMS",
		 COLLABORATION = "CMS",
		 TITLE        = "Isolated Photon Reconstruction and Identification at $\sqrt{s}$ = 7 TeV",
		 Type      = "CMS Physics Analysis Summary",
		 Number       = "EGM-10-006",
      URL         = "http://cdsweb.cern.ch/record/1324545",
		 YEAR         = "2010"
}		
@Techreport{PAS-MUO-10-002,
     AUTHOR = "{CMS Collaboration}",
     INSTITUTION = "CMS",
		 COLLABORATION = "CMS",
		 TITLE        = "Performance of muon identification in pp collisions at $\sqrt{s}$ = 7 TeV",
		 Type      = "CMS Physics Analysis Summary",
		 Number       = "MUO-10-002",
      URL         = "http://cdsweb.cern.ch/record/1279140",
		 YEAR         = "2010"
}
@misc{SMSnote,
 note = "\mbox{https://twiki.cern.ch/twiki/pub/CMS/SUSY/referenceTopologiesDec13.pdf}"
}
@misc{SMSAN,
 note = "Search Optimization and Limit Setting using Simplified Model Spectra for the RA2 Inclusive Hadronic SUSY Search, CMS AN-2010/404"
}
@Unpublished{RA2,
     AUTHOR = "{CMS Collaboration}",
 collaboration = "CMS",
     title     = "{Search for New Physics with Jets and Missing Transverse
                  Momentum in pp Collisions at $\sqrt{s}$ = 7 TeV}",
     year      = "2011",
     eprint    = "1106.4503",
     archivePrefix = "arXiv",
     primaryClass  =  "hep-ex",
     note="Accepted by JHEP",
     SLACcitation  = "%%CITATION = 1106.4503;%%"
}
@Unpublished{Razor,
     AUTHOR = "{CMS Collaboration}",
 collaboration = "CMS",
     title     = "Inclusive search for squarks and gluinos in pp collisions
                  at $\sqrt{s}$ = 7 {TeV}",
     year      = "2011",
     note      = "Submitted to Phys. Rev. D",
     eprint    = "1107.1279",
     archivePrefix = "arXiv",
     primaryClass  =  "hep-ex",
     SLACcitation  = "%%CITATION = 1107.1279;%%"
}
@Article{Allanach:2001kg,
     author    = "Allanach, B. C.",
     title     = "{SOFTSUSY: a program for calculating supersymmetric spectra}",
     journal   = "Comput. Phys. Commun.",
     volume    = "143",
     year      = "2002",
     pages     = "305",
     doi       = "10.1016/S0010-4655(01)00460-X"
}
@Article{pythia,
     author    = "{T. Sj\"ostrand, S. Mrenna and P.~Z. Skands}",
     title     = "{PYTHIA 6.4 Physics and Manual}",
     journal   = "JHEP",
     volume    = "05",
     year      = "2006",
     pages     = "026",
     doi = "10.1088/1126-6708/2006/05/026"
}
@Article{pythia8,
     author    = {Sj\"ostrand, Torbjorn and Mrenna, Stephen and Skands, Peter Z.},
     title     = "{A Brief Introduction to PYTHIA 8.1}",
     journal   = "Comput. Phys. Commun.",
     volume    = "178",
     year      = "2008",
     pages     = "852",
     doi       = "10.1016/j.cpc.2008.01.036"
}
@Article{Beenakker:1996ch,
     author    = "Beenakker, W. and others",
     title     = "Squark and gluino production at hadron colliders",
     journal   = "Nucl. Phys. B",
     volume    = "492",
     year      = "1997",
     pages     = "51",
     doi       = "10.1016/S0550-3213(97)00084-9"
}
@Article{cls-pdg,
     author        = "Nakamura, K.",
     collaboration = "Particle Data Group",
     title         = "{Review of particle physics}",
     journal       = "J. Phys. G",
     volume        = "37",
     year          = "2010",
     pages         = "075021",
     doi           = "10.1088/0954-3899/37/7A/075021",
     SLACcitation  = "%%CITATION = JPHGB,G37,075021;%%"
}
@Techreport{ref:lumi,
      COLLABORATION = {CMS},
     INSTITUTION = "CMS",
      AUTHOR = "{CMS Collaboration}",
      TITLE         = "Measurement of CMS Luminosity",
      TYPE     = "CMS Physics Analysis Summary",
      NUMBER        = "EWK-10-004",
      YEAR          = "2010",
      url = "http://cdsweb.cern.ch/record/1279145",
}

@Techreport{PAS-JME-10-010,
   COLLABORATION = "CMS",
     INSTITUTION = "CMS",
     AUTHOR = "{CMS Collaboration}",
		 TITLE        = "Jet Energy Corrections Determination at 7 TeV",
		 TYPE      = "CMS Physics Analysis Summary",
		 NUMBER       = "JME-10-010",
      URL         = "http://cdsweb.cern.ch/record/1308178",
		 YEAR         = "2010"
}

@Article{toppaper,
     author    = "Khachatryan, V. and others",
 collaboration = "CMS",
     title     = "First Measurement of the Cross Section for Top-Quark Pair
                  Production in Proton-Proton Collisions at $\sqrt{s}$ = 7 {TeV}",
     journal   = "Phys. Lett. B",
     volume    = "695",
     year      = "2011",
     pages     = "424",
     doi       = "10.1016/j.physletb.2010.11.058",
}
@Techreport{PAS-SUS-08-002,
     Collaboration = "CMS",
     AUTHOR = "{CMS Collaboration}",
INSTITUTION = "CMS",
     Title = "Data-Driven Estimation of the Invisible {Z} Background to the {SUSY MET} Plus Jets Search",
     Type = "CMS Physics Analysis Summary",
     Number = "SUS-08-002",
      URL         = "http://cdsweb.cern.ch/record/1194471",
     Year = "2008"
}

@Article{PhysRevLett.106.211802,
  title = {Search for Supersymmetry in $pp$ Collisions at $\sqrt{s}$ = 7 TeV in
                  Events with Two Photons and Missing Transverse
                  Energy},
  collaboration = {CMS},
  author = {Chatrchyan, S. and others},
  journal = {Phys. Rev. Lett.},
  volume = {106},
  pages = {211802},
  numpages = {15},
  year = {2011},
  doi = {10.1103/PhysRevLett.106.211802},
  publisher = {American Physical Society}
}

@article {springerlink:10.1007/JHEP07(2011)113,
   author = {Khachatryan, V. and others},
   affiliation = {Yerevan Physics Institute, Yerevan, Armenia},
   Collaboration={CMS},
   title = {Search for supersymmetry in events with b jets and missing transverse momentum at the LHC},
   journal = {JHEP},
   publisher = {Springer Berlin / Heidelberg},
   issn = {},
   keyword = {Physics},
   pages = {113},
   volume = {07},
   issue = {7},
   url = {http://dx.doi.org/10.1007/JHEP07(2011)113},
   doi = {10.1007/JHEP07(2011)113},
   year = {2011}
}


@Article{PhysRevLett.106.131802,
  title = {Search for Supersymmetry using Final States with One Lepton, Jets, and Missing Transverse Momentum with the ATLAS Detector in $\sqrt{s}$ = 7 TeV $pp$ Collisions},
  collaboration = {ATLAS},
  author = {Aad, G.  and others},
  journal = {Phys. Rev. Lett.},
  volume = {106},
  pages = {131802},
  numpages = {19},
  year = {2011},
  doi = {10.1103/PhysRevLett.106.131802},
  publisher = {American Physical Society}
}

@article{Aad2011186,
title = "Search for squarks and gluinos using final states with jets and missing transverse momentum with the ATLAS detector in  proton-proton collisions",
journal = "Phys. Lett. B",
volume = "701",
pages = "186",
year = "2011",
note = "",
issn = "0370-2693",
doi = "10.1016/j.physletb.2011.05.061",
url = "http://www.sciencedirect.com/science/article/pii/S0370269311005922",
collaboration = {ATLAS},
author = "Aad, G. and others",
keywords = "Supersymmetry",
keywords = "Squark",
keywords = "Gluino",
keywords = "Search",
keywords = "LHC",
keywords = "ATLAS"
}

@article{Aad2011398,
title = "Search for supersymmetry in pp collisions at  in final states with missing transverse momentum and b-jets",
journal = "Phys. Lett.",
volume = "B701",
pages = "398",
year = "2011",
note = "",
issn = "0370-2693",
doi = "10.1016/j.physletb.2011.06.015",
url = "http://www.sciencedirect.com/science/article/pii/S0370269311006368",
collaboration = {ATLAS},
author = "Aad, G. and others",
keywords = "Supersymmetry",
keywords = "ATLAS",
keywords = "LHC",
keywords = "Sbottom",
keywords = "Stop",
keywords = "Gluino"
}

@article {springerlink:10.1140/epjc/s10052-011-1682-6,
   author = {Aad, G. and others},
   affiliation = {CERN, 1211 Geneva 23, Switzerland},
   collaboration = {ATLAS},
   title = {Search for supersymmetric particles in events with lepton
                  pairs and large missing transverse momentum in
                  $\sqrt{s}=7~\mbox{TeV}$ proton-proton collisions
                  with the ATLAS experiment},
   journal = {Eur. Phys. J. C},
   publisher = {Springer Berlin / Heidelberg},
   issn = {1434-6044},
   keyword = {Physics and Astronomy},
   pages = {1},
   volume = {71},
   issue = {7},
   url = {http://dx.doi.org/10.1140/epjc/s10052-011-1682-6},
   doi = {10.1140/epjc/s10052-011-1682-6},
   year = {2011}
}
@Article{Ask:2011xf,
     author    = "Ask, S. and others",
     title     = "{Using $\gamma$ + jets Production to Calibrate the
                  Standard Model Z($\rightarrow\nu\bar{\nu}$) + jets
                  Background to New Physics Processes at the LHC}",
     year      = "2011",
     eprint    = "1107.2803",
     archivePrefix = "arXiv",
     primaryClass  =  "hep-ph",
     SLACcitation  = "%%CITATION = 1107.2803;%%"
}

@article{1748-0221-5-03-T03014,
  author = {Chatrchyan, S. and others},
  collaboration={CMS},
  title={Identification and filtering of uncharacteristic noise in the CMS hadron calorimeter},
  journal={JINST},
  volume={5},
  pages={T03014},
  doi={10.1088/1748-0221/5/03/T03014},
  year={2010},
}

@article{Bern:2011pa,
      author         = "Bern, Z. and Diana, G. and Dixon, L.J. and Febres
                        Cordero, F. and Hoche, S. and others",
      title          = "{Driving Missing Data at Next-to-Leading Order}",
      journal        = "Phys.Rev.",
      volume         = "D84",
      pages          = "114002",
      doi            = "10.1103/PhysRevD.84.114002",
      year           = "2011",
      eprint         = "1106.1423",
      archivePrefix  = "arXiv",
      primaryClass   = "hep-ph",
      reportNumber   = "SLAC-PUB-14472, UCLA-11-TEP-106, CERN-PH-TH-2011-125,
                        IPHT-T11-146, IPPP-11-29, NSF-KITP-11-093, SB-F-387-11",
      SLACcitation   = "%%CITATION = ARXIV:1106.1423;%%",
}

@article{Chatrchyan:2011ds,
      author         = "Chatrchyan, Serguei and others",
      title          = "{Determination of Jet Energy Calibration and Transverse
                        Momentum Resolution in CMS}",
      collaboration  = "CMS",
      journal        = "JINST",
      volume         = "6",
      pages          = "P11002",
      doi            = "10.1088/1748-0221/6/11/P11002",
      year           = "2011",
      eprint         = "1107.4277",
      archivePrefix  = "arXiv",
      primaryClass   = "physics.ins-det",
      reportNumber   = "CMS-JME-10-011, CERN-PH-EP-2011-102",
      SLACcitation   = "%%CITATION = ARXIV:1107.4277;%%",
}

@article {springerlink:10.1140/epjc/s10052-011-1722-2,
   author = {Buchmueller, O. and others},
   title = {Supersymmetry and dark matter in light of LHC 2010 and XENON100 data},
   journal = {Eur. Phys. J.},
   publisher = {Springer Berlin / Heidelberg},
   issn = {1434-6044},
   keyword = {Physics and Astronomy},
   pages = {1},
   volume = {C71},
   url = {http://dx.doi.org/10.1140/epjc/s10052-011-1722-2},
   doi = {10.1140/epjc/s10052-011-1722-2},
   year = {2011}
}

@misc{ref-delphes-talk,
 note = "\mbox{https://indico.cern.ch/getFile.py/access?contribId=6\&resId=0\&materialId=slides\&confId=168540}"
}

@misc{ref-b-pog-algo,
 note = "\mbox{CMS PAS BTV 09 001 "Algorithms for b-Jet identification in CMS"}"
}

@misc{ref-b-pog-perf,
 note = "\mbox{CMS PAS BTV 11 001 "Performance of b-Jet identification in CMS"}"
}

@misc{ref-b-tag-eff,
  author = "{CMS Collaboration}",
  title = "{CMS b-tagging performance database}",
  howpublished = "\url{https://twiki.cern.ch/twiki/bin/view/CMS/BtagPerformanceDBV2_Measurements}"
}

@misc{roofit,
     author    = "Verkerke, Wouter and Kirkby, David",
     title     = "{RooFit}",
  howpublished = "\url{http://root.cern.ch/drupal/content/roofit}"
}

@misc{cousins-log-normal,
     author    = "Cousins, Robert",
     title     = "{Probability Density Functions for Positive Nuisance Parameters}",
  howpublished = "\url{http://www.physics.ucla.edu/~cousins/stats/cousins_lognormal_prior.pdf}"
}

@article{James:1975dr,
      author         = "James, F. and Roos, M.",
      title          = "{Minuit: A System for Function Minimization and Analysis
                        of the Parameter Errors and Correlations}",
      journal        = "Comput.Phys.Commun.",
      volume         = "10",
      pages          = "343-367",
      doi            = "10.1016/0010-4655(75)90039-9",
      year           = "1975",
      reportNumber   = "CERN-DD-75-20",
      SLACcitation   = "%%CITATION = CPHCB,10,343;%%",
}

@book{Cowan:358560,
      author       = "Cowan, Glen D",
      title        = "Statistical data analysis",
      publisher    = "Oxford Univ. Press",
      address      = "Oxford",
      year         = "1998",
}

@Unpublished{pdf4lhc,
     AUTHOR = "Botje, M. and Butterworth, J. and Cooper-Sarkar, A. and others",
     title     = "The PDF4LHC Working Group Interim Recommendations",
     year      = "2011",
     eprint    = "1101.0538",
     archivePrefix = "arXiv",
     primaryClass  =  "hep-ex",
     SLACcitation  = "%%CITATION = 1101.0538;%%",
}

@misc{ref-eight-tev-susy-xs,
  author = "{LHC SUSY Cross Section Working Group}",
  title = "{SUSY Cross Sections}",
  howpublished = "\url{https://twiki.cern.ch/twiki/bin/view/LHCPhysics/SUSYCrossSections}"
}

